<?xml version="1.0" encoding="UTF-8"?><collection xmlns="http://www.loc.gov/MARC21/slim"><record><leader>00594nam--2200181-i-4500</leader><controlfield tag="001">000046827</controlfield><controlfield tag="002">20161230</controlfield><controlfield tag="005">20161230201046</controlfield><controlfield tag="008">060222s1000------------r-----000-0-eng-d</controlfield><datafield ind1=" " ind2=" " tag="040"><subfield code="a">IFIN-HH</subfield></datafield><datafield ind1=" " ind2=" " tag="080"><subfield code="a">533.6:62</subfield></datafield><datafield ind1="1" ind2=" " tag="100"><subfield code="a">Walshe, D.E.J</subfield></datafield><datafield ind1="1" ind2="0" tag="245"><subfield code="a">Wind-excited oscillations of structures. wind-tunnel techniques for their investigation and prediction</subfield><subfield code="c">D.e.j. walshe</subfield></datafield><datafield ind1=" " ind2=" " tag="260"><subfield code="a">London, Her Majesty`S Stationery Office, 1972,</subfield></datafield><datafield ind1=" " ind2=" " tag="300"><subfield code="a">VI+70P</subfield></datafield><datafield ind1=" " ind2=" " tag="490"><subfield code="a">National Physical Laboratory-departement Of Trade And Industry</subfield></datafield><datafield ind1=" " ind2=" " tag="852"><subfield code="a">36869</subfield><subfield code="c">533.6</subfield></datafield><datafield ind1=" " ind2=" " tag="CAT"><subfield code="a">Sys</subfield><subfield code="c">20100906</subfield><subfield code="h">151640</subfield></datafield></record></collection>